@article{NMP,
  title={Harnessing Reinforcement Learning for Neural Motion Planning},
  author={Jurgenson, Tom and Tamar, Aviv},
  journal={arXiv preprint arXiv:1906.00214},
  year={2019}
}

@inproceedings{HER,
  title={Hindsight experience replay},
  author={Andrychowicz, Marcin and Wolski, Filip and Ray, Alex and Schneider, Jonas and Fong, Rachel and Welinder, Peter and McGrew, Bob and Tobin, Josh and Abbeel, OpenAI Pieter and Zaremba, Wojciech},
  booktitle={Advances in neural information processing systems},
  pages={5048--5058},
  year={2017}
}

@article{GHER,
  title={Generalized Hindsight for Reinforcement Learning},
  author={Li, Alexander C and Pinto, Lerrel and Abbeel, Pieter},
  journal={arXiv preprint arXiv:2002.11708},
  year={2020}
}
