\bibliographystyle{./IEEEtran}
\bibliography{./IEEEabrv,./IEEEexample}


@article{NMP,
  title={Harnessing Reinforcement Learning for Neural Motion Planning},
  author={Jurgenson, Tom and Tamar, Aviv},
  journal={arXiv preprint arXiv:1906.00214},
  year={2019}
}

@inproceedings{HER,
  title={Hindsight experience replay},
  author={Andrychowicz, Marcin and Wolski, Filip and Ray, Alex and Schneider, Jonas and Fong, Rachel and Welinder, Peter and McGrew, Bob and Tobin, Josh and Abbeel, OpenAI Pieter and Zaremba, Wojciech},
  booktitle={Advances in neural information processing systems},
  pages={5048--5058},
  year={2017}
}

@article{GHER,
  title={Generalized Hindsight for Reinforcement Learning},
  author={Li, Alexander C and Pinto, Lerrel and Abbeel, Pieter},
  journal={arXiv preprint arXiv:2002.11708},
  year={2020}
}

@article{sutton_barto,
  title={Reinforcement learning: An introduction},
  author={Sutton, Richard S and Barto, Andrew G},
  year={2011},
  publisher={Cambridge, MA: MIT Press}
}

@article{DDPG,
  title={Continuous control with deep reinforcement learning},
  author={Lillicrap, Timothy P and Hunt, Jonathan J and Pritzel, Alexander and Heess, Nicolas and Erez, Tom and Tassa, Yuval and Silver, David and Wierstra, Daan},
  journal={arXiv preprint arXiv:1509.02971},
  year={2015}
}

@misc{TF2RL,
    author       = {Kei Ohta},
    title        = {tf2rl package for python},
    year         = 2019,
    url          = {https://github.com/keiohta/tf2rl}
    }

